<?xml version="1.0" encoding="UTF-8"?><record xmlns="http://www.loc.gov/MARC21/slim" xmlns:cinclude="http://apache.org/cocoon/include/1.0" xmlns:zs="http://www.loc.gov/zing/srw/">
  <leader>00509nz  a2200145n  4500</leader>
  <controlfield tag="001">nb2005004270</controlfield>
  <controlfield tag="003">DLC</controlfield>
  <controlfield tag="005">20050429051259.0</controlfield>
  <controlfield tag="008">050428n| acannaabn          |a aaa      </controlfield>
  <datafield tag="010" ind1=" " ind2=" ">
    <subfield code="a">nb2005004270</subfield>
  </datafield>
  <datafield tag="035" ind1=" " ind2=" ">
    <subfield code="a">(Uk)006171390</subfield>
  </datafield>
  <datafield tag="040" ind1=" " ind2=" ">
    <subfield code="a">Uk</subfield>
    <subfield code="b">eng</subfield>
    <subfield code="c">Uk</subfield>
  </datafield>
  <datafield tag="100" ind1="1" ind2=" ">
    <subfield code="a">Barros, Viﾌ》or Coelho</subfield>
  </datafield>
  <datafield tag="400" ind1="1" ind2=" ">
    <subfield code="a">Coelho Barros, Viﾌ》or</subfield>
  </datafield>
  <datafield tag="670" ind1=" " ind2=" ">
    <subfield code="a">Desenvolvimento rural, 2003:</subfield>
    <subfield code="b">t.p. (Viﾌ》or Coelho Barros) inside back flap (Viﾌ》or Manuel Coelho Barros; former dir.-gen., &amp; sec. of state, rural development between 1996-1998)</subfield>
  </datafield>
</record>